<?xml version="1.0" encoding="UTF-8"?><collection xmlns="http://www.loc.gov/MARC21/slim"><record><leader>00552nam--2200145-i-4500</leader><controlfield tag="001">000020834</controlfield><controlfield tag="002">20161230</controlfield><controlfield tag="005">20161230201033</controlfield><controlfield tag="008">060222s1000------------r-----000-0-eng-d</controlfield><datafield ind1=" " ind2=" " tag="080"><subfield code="a">517.927(061.3)</subfield></datafield><datafield ind1=" " ind2=" " tag="245"><subfield code="a">Constructive method for nonlinear boundary value problems and nonlinear oscillations. conference at the oberwolfach mathematical research institute, black forest, november 19-25, 1978</subfield></datafield><datafield ind1=" " ind2=" " tag="260"><subfield code="a">Basel, Birkhauser Verlag, 1979. 190 P</subfield></datafield><datafield ind1=" " ind2=" " tag="490"><subfield code="a">International Series Of Numerical Mathematics</subfield></datafield><datafield ind1=" " ind2=" " tag="700"><subfield code="a">Albrecht, A./S.A.</subfield></datafield><datafield ind1=" " ind2=" " tag="852"><subfield code="a">74621</subfield></datafield></record></collection>